@inproceedings{inproceedings,
  author = {Erwig, Martin and Gopinath, Rahul},
  year = {2012},
  month = {03},
  pages = {394-408},
  title = {Explanations for Regular Expressions},
  volume = {7212},
  isbn = {978-3-642-28871-5},
  doi = {10.1007/978-3-642-28872-2_27},
  urldate = {2024-01-24}
}

@misc{Dib, 
  title={Build, test, and debug regex},  
  url={https://regex101.com/}, 
  journal={regex101}, 
  author={Dib, Firas}, 
  urldate = {2024-01-25}
} 

@misc{Regexper,
  author = {Jeff Avallone},
  url={https://regexper.com/}, 
  journal={Regexper},
  urldate = {2024-01-25}
} 

@misc{RegExr, 
  url={https://regexr.com/}, 
  journal={RegExr},
  urldate = {2024-01-25}
} 

@misc{Havrlant, 
  title={Konečný Automat}, 
  url={https://www.matweb.cz/konecny-automat/}, 
  journal={- Matematika polopatě}, 
  author={Havrlant, Lukáš},
  urldate = {2024-02-06}
} 

@article{Thompson1,
  author = {Watson, Bruce},
  year = {1999},
  month = {02},
  pages = {18-27},
  title = {A Taxonomy of Finite Automata Construction Algorithms},
  urldate = {2024-03-10}
}

@article{Thompson2,
  author = {Thompson, Ken},
  title = {Programming Techniques: Regular expression search algorithm},
  year = {1968},
  issue_date = {June 1968},
  publisher = {Association for Computing Machinery},
  address = {New York, NY, USA},
  volume = {11},
  number = {6},
  issn = {0001-0782},
  url = {https://doi.org/10.1145/363347.363387},
  doi = {10.1145/363347.363387},
  abstract = {A method for locating specific character strings embedded in character text is described and an implementation of this method in the form of a compiler is discussed. The compiler accepts a regular expression as source language and produces an IBM 7094 program as object language. The object program then accepts the text to be searched as input and produces a signal every time an embedded string in the text matches the given regular expression. Examples, problems, and solutions are also presented.},
  journal = {Commun. ACM},
  month = {jun},
  pages = {419–422},
  numpages = {4},
  keywords = {match, regular expression, search},
  urldate = {2024-04-27}
}

@misc{Leung_2010, 
  url={https://www.cs.nmsu.edu/historical-projects/Projects/kleene.9.16.10.pdf},
  title={Regular Languages and Finite Automata},
  journal={Regular languages and finite automata - computer science}, 
  author={Leung, Hing}, 
  year={2010}, 
  month={Sep},
  urldate = {2024-04-28}
} 

@misc{Kleene_1951,
  url={https://www.rand.org/content/dam/rand/pubs/research_memoranda/2008/RM704.pdf}, 
  journal={Representation of Events in Nerve Nets and Finite Automata}, 
  author={Kleene, Stephan Cole}, 
  year={1951}, 
  month={Dec},
  urldate = {2024-04-28}
} 

@phdthesis{MUNIFL, 
  url={https://www.fi.muni.cz/usr/kretinsky/afj_I.pdf},
  title={Automaty a formální jazyky I - FI MUNI}, 
  author={Černá, Ivana and Křetínský, Mojmír and Kučera, Antonín},
  urldate = {2024-02-25}
} 

@misc{Aho_Ullman_1992, 
  title={Chapter 10. patterns, automata, and regular expressions}, 
  url={http://infolab.stanford.edu/~ullman/focs/ch10.pdf}, 
  journal={Foundations of Computer Science}, 
  author={Aho, Alfred V. and Ullman, Jeffrey D.}, 
  year={1992},
  urldate = {2024-04-05}
} 

@misc{Peggy, 
  url={https://peggyjs.org/}, 
  journal={Peggy},
  urldate = {2024-02-25}
} 

@misc{ScanToPDF, 
  title={The History Of Regex}, 
  url={https://scantopdf.com/blog/the-history-of-regex/}, 
  journal={ScanToPDF},
  urldate = {2024-04-28}
} 

@misc{Peggyjs, 
  title={Peggyjs/peggy: Peggy: Parser generator for JavaScript}, 
  url={https://github.com/peggyjs/peggy}, 
  journal={GitHub}, 
  urldate = {2024-02-25}
} 

@misc{Microsoft_2021, 
  title={Webview API}, 
  url={https://code.visualstudio.com/api/extension-guides/webview#using-web-workers}, 
  journal={RSS}, 
  publisher={Microsoft}, 
  author={Microsoft}, 
  year={2021}, 
  month={Nov},
  urldate = {2024-03-02}
} 

@misc{Viswanathan_2017, 
  title={Finite automata}, 
  url={https://courses.engr.illinois.edu/cs475/fa2017/LectureNotes/fa.pdf}, 
  journal={Finite Automata}, 
  author={Viswanathan, Mahesh}, 
  year={2017},
  urldate = {2024-04-11}
} 

@misc{Bidlingmaie_2021, 
  title={An additional non-backtracking regexp engine}, 
  url={https://v8.dev/blog/non-backtracking-regexp}, 
  journal={An additional non-backtracking RegExp engine}, 
  author={Bidlingmaie, Martin}, 
  year={2021}, 
  month={Jan},
  urldate = {2024-04-14}
} 

@misc{Gruber_2017, 
  title={Speeding up V8 regular expressions}, 
  url={https://v8.dev/blog/speeding-up-regular-expressions}, 
  journal={Speeding up V8 regular expressions}, 
  author={Gruber, Jakob}, 
  year={2017}, 
  month={Jan},
  urldate = {2024-04-14}
} 

@misc{Microsoft_2021_2, 
  title={Webview API}, 
  url={https://code.visualstudio.com/api/extension-guides/webview#scripts-and-message-passing}, 
  journal={RSS}, 
  publisher={Microsoft}, 
  author={Microsoft}, 
  year={2021}, 
  month={Nov},
  urldate = {2024-04-25}
} 

@misc{Toarca, 
  title={Debuggex: Online visual regex tester. JavaScript, python, and PCRE.}, 
  url={https://debuggex.com/}, 
  journal={Debuggex Beta}, 
  author={Toarca, Sergiu},
  urldate = {2024-04-25},
  year={2013}
} 

@misc{Marti_2016, 
  title={Chrmarti/vscode-regex}, 
  url={https://github.com/chrmarti/vscode-regex}, 
  journal={GitHub}, 
  author={Marti, Christof}, 
  urldate = {2024-04-25},
  year={2016}
} 

@misc{González_2021, 
  title={Roberthgnz/Visual-Regex: Visual studio code extension to get detailed and visual information about the pattern you make.}, 
  url={https://github.com/roberthgnz/visual-regex}, 
  journal={GitHub}, 
  author={González, Roberth}, 
  urldate = {2024-04-25},
  year={2021}
} 

@misc{Perricone_2019, 
  title={Aperricone/vscode-regexper-unofficial: Regexper for vscode}, 
  url={https://github.com/APerricone/vscode-regexper-unofficial}, 
  journal={GitHub}, 
  author={Perricone, Antonino}, 
  urldate = {2024-04-25},
  year={2019}
} 

@misc{the_Hutt_2022, 
  title={HTML contenteditable: Keep caret position when inner HTML changes}, 
  url={https://stackoverflow.com/a/70800591}, 
  journal={Stack Overflow}, 
  author={the Hutt}, 
  urldate = {2024-04-25},
  year={2022}, 
  month={Jan}
} 

@misc{Kabra_2016, 
  title={TS-jest}, 
  url={https://www.npmjs.com/package/ts-jest}, 
  journal={npm}, 
  author={Kabra, Kulshekhar}, 
  urldate = {2024-04-25},
  year={2016}
} 

@misc{Jest_RSS, 
  title={Jest}, 
  url={https://jestjs.io/}, 
  organization={OpenJS Foundation},
  journal={Jest RSS}, 
  urldate = {2024-04-25}
} 

@misc{Wermke_2019, 
  title={ThreadsJS}, 
  url={https://threads.js.org/}, 
  journal={Make web workers & worker threads as simple as a function call – worker library for node.js, web and electron. JavaScript/TypeScript, supports webpack.}, 
  author={Wermke, Andy}, 
  year={2019},
  urldate = {2024-04-25}
} 

@misc{webpack, 
  title = {Webpack},
  url={https://webpack.js.org/}, 
  journal={webpack},
  urldate = {2024-04-25}
} 

@misc{less, 
  title={Less.js},
  url={https://lesscss.org/}, 
  journal={Getting started | Less.js},
  urldate = {2024-04-25}
} 

@misc{Node.js, 
  title={NodeJS},
  url={https://nodejs.org/en}, 
  journal={Node.js},
  urldate = {2024-04-25}
} 

@misc{Microsoft_2021a, 
  title={Visual studio code}, 
  url={https://code.visualstudio.com/}, 
  journal={RSS}, 
  publisher={Microsoft}, 
  author={Microsoft}, 
  year={2021}, 
  month={Nov},
  urldate = {2024-04-25}
} 

@misc{TypeScript, 
  title={TypeScript},
  url={https://www.typescriptlang.org/}, 
  journal={TypeScript},
  author={Microsoft}, 
  year={2012},
  urldate = {2024-04-25}
} 

@misc{npm, 
  title={NPM},
  url={https://www.npmjs.com/}, 
  journal={npm},
  urldate = {2024-04-25}
} 

@article{article_Bhatia,
  author = {Bhatia, Sanjiv},
  year = {2005},
  month = {01},
  pages = {},
  title = {Regular Expressions},
  journal = {Computer Apex},
  urldate = {2024-04-28}
}

@misc{Lutkevich_2022, 
  title={What is a parser? definition, types and examples}, 
  url={https://www.techtarget.com/searchapparchitecture/definition/parser}, 
  journal={App Architecture}, 
  publisher={TechTarget}, 
  author={Lutkevich, Ben}, 
  year={2022}, 
  month={Jul},
  urldate = {2024-04-28}
} 

@misc{GeeksforGeeks_2023, 
  title={What is context-free grammar?}, 
  url={https://www.geeksforgeeks.org/what-is-context-free-grammar/}, 
  journal={GeeksforGeeks}, 
  publisher={GeeksforGeeks}, 
  author={GeeksforGeeks}, 
  year={2023}, 
  month={Jul},
  urldate = {2024-04-28}
} 