@inproceedings{inproceedings,
  author = {Erwig, Martin and Gopinath, Rahul},
  year = {2012},
  month = {03},
  pages = {394-408},
  title = {Explanations for Regular Expressions},
  volume = {7212},
  isbn = {978-3-642-28871-5},
  doi = {10.1007/978-3-642-28872-2_27},
  urldate = {2024-01-24}
}¨

@misc{Dib, 
  title={Build, test, and debug regex},  
  url={https://regex101.com/}, 
  journal={regex101}, 
  author={Dib, Firas}, 
  urldate = {2024-01-25}
} 

@misc{Regexper,
  author = {Jeff Avallone},
  url={https://regexper.com/}, 
  journal={Regexper},
  urldate = {2024-01-25}
} 

@misc{RegExr, 
  url={https://regexr.com/}, 
  journal={RegExr},
  urldate = {2024-01-25}
} 

@misc{Havrlant, 
  title={Konečný Automat}, 
  url={https://www.matweb.cz/konecny-automat/}, 
  journal={- Matematika polopatě}, 
  author={Havrlant, Lukáš},
  urldate = {2024-02-06}
} 