@online{AhDTEmY2CY7Qv65e,
  title = {I love you Coffee},
  urldate = {2019-04-24},
  url = {http://preetiyacoffee.blogspot.com/},
}

